@book{mcirc,
    author  =   {Fomin and Genkin and Itenberg},
    title   =   {Mathematical Circles (Russian Experience)},
    series  =   {Mathematical World},
    volume  =   "7",
    publisher   =   {American Mathematical Society},
    year    =   {1996}
}

@book{aops,
    author  = {Patrick},
    title   = {Introduction to Counting and Probability},
    edition = {2nd},
    publisher = {AoPS Inc.},
    year    =   {2004}
}

@book{hpn,
    author  =   {Hossein Pishro-Nik},
    title   =   {Introduction to Probability, Statistics, and Random Processes},
    publisher   =   {Kappa Research},
    year    =   {2014}
}
    